@article{DBLP:journals/corr/abs-1301-3781,
  author    = {Tomas Mikolov and
               Kai Chen and
               Greg Corrado and
               Jeffrey Dean},
  title     = {Efficient Estimation of Word Representations in Vector Space},
  journal   = {CoRR},
  volume    = {abs/1301.3781},
  year      = {2013},
  url       = {http://arxiv.org/abs/1301.3781},
  archivePrefix = {arXiv},
  eprint    = {1301.3781},
  timestamp = {Mon, 13 Aug 2018 16:48:33 +0200},
  biburl    = {https://dblp.org/rec/bib/journals/corr/abs-1301-3781},
  bibsource = {dblp computer science bibliography, https://dblp.org}
}

@article{DBLP:journals/corr/MikolovSCCD13,
  author    = {Tomas Mikolov and
               Ilya Sutskever and
               Kai Chen and
               Greg Corrado and
               Jeffrey Dean},
  title     = {Distributed Representations of Words and Phrases and their Compositionality},
  journal   = {CoRR},
  volume    = {abs/1310.4546},
  year      = {2013},
  url       = {http://arxiv.org/abs/1310.4546},
  archivePrefix = {arXiv},
  eprint    = {1310.4546},
  timestamp = {Mon, 13 Aug 2018 16:47:09 +0200},
  biburl    = {https://dblp.org/rec/bib/journals/corr/MikolovSCCD13},
  bibsource = {dblp computer science bibliography, https://dblp.org}
}

@inproceedings{DBLP:conf/naacl/MikolovYZ13,
  author    = {Tomas Mikolov and
               Wen{-}tau Yih and
               Geoffrey Zweig},
  editor    = {Lucy Vanderwende and
               Hal Daum{\'{e}} III and
               Katrin Kirchhoff},
  title     = {Linguistic Regularities in Continuous Space Word Representations},
  booktitle = {Human Language Technologies: Conference of the North American Chapter
               of the Association of Computational Linguistics, Proceedings, June
               9-14, 2013, Westin Peachtree Plaza Hotel, Atlanta, Georgia, {USA}},
  pages     = {746--751},
  publisher = {The Association for Computational Linguistics},
  year      = {2013},
  url       = {http://aclweb.org/anthology/N/N13/N13-1090.pdf},
  timestamp = {Wed, 05 Apr 2017 12:53:50 +0200},
  biburl    = {https://dblp.org/rec/bib/conf/naacl/MikolovYZ13},
  bibsource = {dblp computer science bibliography, https://dblp.org}
}

@inproceedings{rehurek_lrec,
      title = {{Software Framework for Topic Modelling with Large Corpora}},
      author = {Radim {\v R}eh{\r u}{\v r}ek and Petr Sojka},
      booktitle = {{Proceedings of the LREC 2010 Workshop on New
           Challenges for NLP Frameworks}},
      pages = {45--50},
      year = 2010,
      month = May,
      day = 22,
      publisher = {ELRA},
      address = {Valletta, Malta},
      note={\url{http://is.muni.cz/publication/884893/en}},
      language={English}
}

@ONLINE {google_w2v,
    title = "Pre-trained Word Vectors on Google News dataset",
    key = "Google",
    url   = "https://code.google.com/archive/p/word2vec/",
    howpublished = {\url{https://code.google.com/archive/p/word2vec/}}
}

@inproceedings{DBLP:conf/emnlp/ErkP08,
  author    = {Katrin Erk and
               Sebastian Pad{\'{o}}},
  title     = {A Structured Vector Space Model for Word Meaning in Context},
  booktitle = {2008 Conference on Empirical Methods in Natural Language Processing,
               {EMNLP} 2008, Proceedings of the Conference, 25-27 October 2008, Honolulu,
               Hawaii, USA, {A} meeting of SIGDAT, a Special Interest Group of the
               {ACL}},
  pages     = {897--906},
  year      = {2008},
  crossref  = {DBLP:conf/emnlp/2008},
  url       = {http://www.aclweb.org/anthology/D08-1094},
  timestamp = {Thu, 16 Apr 2009 13:57:09 +0200},
  biburl    = {https://dblp.org/rec/bib/conf/emnlp/ErkP08},
  bibsource = {dblp computer science bibliography, https://dblp.org}
}


@inproceedings{DBLP:conf/cogsci/DyeJYR17,
  author    = {Melody Dye and
               Michael N. Jones and
               Daniel Yarlett and
               Michael Ramscar},
  title     = {Refining the distributional hypothesis: {A} role for time and context
               in semantic representation},
  booktitle = {Proceedings of the 39th Annual Meeting of the Cognitive Science Society,
               CogSci 2017, London, UK, 16-29 July 2017},
  year      = {2017},
  crossref  = {DBLP:conf/cogsci/2017},
  url       = {https://mindmodeling.org/cogsci2017/papers/0069/index.html},
  timestamp = {Fri, 12 Jan 2018 14:51:18 +0100},
  biburl    = {https://dblp.org/rec/bib/conf/cogsci/DyeJYR17},
  bibsource = {dblp computer science bibliography, https://dblp.org}
}

@inproceedings{DBLP:conf/nips/BleiNJ01,
  author    = {David M. Blei and
               Andrew Y. Ng and
               Michael I. Jordan},
  title     = {Latent Dirichlet Allocation},
  booktitle = {Advances in Neural Information Processing Systems 14 [Neural Information
               Processing Systems: Natural and Synthetic, {NIPS} 2001, December 3-8,
               2001, Vancouver, British Columbia, Canada]},
  pages     = {601--608},
  year      = {2001},
  crossref  = {DBLP:conf/nips/2001},
  url       = {http://papers.nips.cc/paper/2070-latent-dirichlet-allocation},
  timestamp = {Thu, 11 Dec 2014 17:34:08 +0100},
  biburl    = {https://dblp.org/rec/bib/conf/nips/BleiNJ01},
  bibsource = {dblp computer science bibliography, https://dblp.org}
}
